@book{sears1975thermodynamics,
	title={Thermodynamics, kinetic theory, and statistical thermodynamics},
	author={Sears, Francis Weston and Salinger, Gerhard L and Lee, John E},
	year={1975},
	publisher={Addison-Wesley}
}

@book{heer2012statistical,
	title={Statistical mechanics, kinetic theory, and stochastic processes},
	author={Heer, Clifford V},
	year={2012},
	publisher={Elsevier}
}

@article{bernoulli1738,
	title={Hydrodynamica},
	author={Bernoulli, Daniel},
	journal={Dulsecker. Consultable en ligne http://imgbase-scd-ulp. u-strasbg. fr/displayimage. php},
	year={1738}
}

@article{brush2004history,
	title={History of the Kinetic Theory of Gases},
	author={Brush, Stephen G},
	journal={Istituto della Enciclopedia Italiana},
	volume={1},
	year={2004}
}

@article{maxwell1867illustrations,
	title={Illustrations of the dynamical theory of gases},
	author={Maxwell, JC},
	journal={Philos Mag},
	volume={19},
	pages={19--32},
	year={1867}
}

@book{feynman2010quantum,
	title={Quantum mechanics and path integrals},
	author={Feynman, Richard P and Hibbs, Albert R and Styer, Daniel F},
	year={2010},
	publisher={Courier Corporation}
}

@book{bergman2011fundamentals,
	title={Fundamentals of heat and mass transfer},
	author={Bergman, Theodore L and Incropera, Frank P and DeWitt, David P and Lavine, Adrienne S},
	year={2011},
	publisher={John Wiley \& Sons}
}

@incollection{ezgi2017basic,
	title={Basic Design Methods of Heat Exchanger},
	author={Ezgi, C{\"{u}}neyt},
	booktitle={Heat Exchangers-Design, Experiment and Simulation},
	year={2017},
	publisher={IntechOpen}
}
